@string{emse = "Empirical Software Engineering"}
@string{sw = "IEEE Software"}
@string{comp = "IEEE Computer"}
@string{tse = "IEEE Trans.\ on Software Engineering"}
@string{tc = "IEEE Trans.\ on Computer"}
@string{infsof = "Information and Software Technology"}
@string{syssof = "Journal of Systems and Software"}
@string{ieice-fun = "IEICE Trans.\ on Fundamentals of Electronics, Communications and Computer Sciences"}
@string{ieice-is = "IEICE Trans.\ on Information and Systems"}

@string{icse11 = "Proc.\ of 33rd International Conference on Software Engineering"}
@string{icse10 = "Proc.\ of 32nd International Conference on Software Engineering"}
@string{icse09 = "Proc.\ of 31st International Conference on Software Engineering"}
@string{icse08 = "Proc.\ of 30th International Conference on Software Engineering"}
@string{icse07 = "Proc.\ of 29th International Conference on Software Engineering"}
@string{icse06 = "Proc.\ of 28th International Conference on Software Engineering"}
@string{icse05 = "Proc.\ of 27th International Conference on Software Engineering"}
@string{icse04 = "Proc.\ of 26th International Conference on Software Engineering"}
@string{icse03 = "Proc.\ of 25th International Conference on Software Engineering"}
@string{icse02 = "Proc.\ of 24th International Conference on Software Engineering"}
@string{icse01 = "Proc.\ of 23rd International Conference on Software Engineering"}
@string{icse00 = "Proc.\ of 22nd International Conference on Software Engineering"}
@string{icse99 = "Proc.\ of 21st International Conference on Software Engineering"}
@string{icse98 = "Proc.\ of 20th International Conference on Software Engineering"}
@string{icse97 = "Proc.\ of 19th International Conference on Software Engineering"}
@string{icse96 = "Proc.\ of 18th International Conference on Software Engineering"}
@string{icse95 = "Proc.\ of 17th International Conference on Software Engineering"}
@string{icse94 = "Proc.\ of 16th International Conference on Software Engineering"}
@string{icse92 = "Proc.\ of 14th International Conference on Software Engineering"}
@string{icse85 = "Proc.\ of 8th International Conference on Software Engineering"}

@string{compsac97 = "Proc.\ of 21st Annual International Computer Software and Applications Conference"}
@string{compsac95 = "Proc.\ of 19th Annual International Computer Software and Applications Conference"}
@string{issre08 = "Proc.\ of 19th International Symposium on Software
    Reliability Engineering"}
@string{issre04 = "Proc.\ of 15th International Symposium on Software
    Reliability Engineering"}
@string{issre01 = "Proc.\ of 12th International Symposium on Software
    Reliability Engineering"}
@string{issre99 = "Proc.\ of 10th International Symposium on Software
    Reliability Engineering"}
@string{issre98 = "Proc.\ of 9th International Symposium on Software
    Reliability Engineering"}
@string{issre97 = "Proc.\ of 8th International Symposium on Software
    Reliability Engineering"}
@string{issre96 = "Proc.\ of 7th International Symposium on Software
    Reliability Engineering"}
@string{issre95 = "Proc.\ of 6th International Symposium on Software
    Reliability Engineering"}
@string{issre94 = "Proc.\ of 5th International Symposium on Software
    Reliability Engineering"}

@string{ase06 = "Proc.\ of 21st International Conference on Automated
    Software Engineering"}
@string{ase03 = "Proc.\ of 18st International Conference on Automated
    Software Engineering"}

@string{msr08 = "Proc.\ of 5th International workshop on Mining software
    repositories"}
@string{msr07 = "Proc.\ of 4th International workshop on Mining software
    repositories"}
@string{msr06 = "Proc.\ of 3rd International workshop on Mining software
    repositories"}
@string{msr05 = "Proc.\ of 2nd International workshop on Mining software
    repositories"}
@string{esec-fse07 = "Proc.\ of 6th joint meeting of the European software
    engineering conference and the ACM SIGSOFT symposium on the foundations
    of software engineering"}
@string{esec-fse05 = "Proc.\ of 5th joint meeting of the European software
    engineering conference and the ACM SIGSOFT symposium on the foundations
    of software engineering"}

@string{esem07 = "Proc.\ of 1st International Symposium on Empirical
    Software Engineering and Measurement"}

@string{issta = "Proc.\ of International Symposium on Software Testing and Analysis"}
% --- begin from here ---



@electronic{TravisTorrent,
  title = {{TravisTorrent}},
  url = {https://travistorrent.testroots.org/}
}

@electronic{TravisCI,
  title  = {{Travis CI}},
  url =  {https://travis-ci.org}
}

@electronic{GitHub,
  title  = {{GitHub}},
  url =  {https://github.com}
}

@electronic{GitHubAPIv3,
  title  = {{GitHub API (v3)}},
  url =  {https://developer.github.com/v3/}
}

@electronic{JUnit,
  title  = {{JUnit}},
  url =  {https://junit.org}
}

@electronic{Eclipse,
  title  = {{Eclipse}},
  url =  {https://www.eclipse.org}
}

@electronic{Evosuite,
  title  = {{EvoSuite}},
  url =  {http://www.evosuite.org}
}

@electronic{JBehave,
  title  = {{JBehave}},
  url =  {https://jbehave.org}
}

@electronic{History,
  title  = {{The History of Software Testing}},
  url =  {http://www.testingreferences.com/testinghistory.php},
  author={Joris Meerts}
}



@INPROCEEDINGS{ToravisTorrentPaper, 
author={M. {Beller} and G. {Gousios} and A. {Zaidman}}, 
booktitle={2017 IEEE/ACM 14th International Conference on Mining Software Repositories (MSR)}, 
title={{TravisTorrent: Synthesizing Travis CI and GitHub for Full-Stack Research on Continuous Integration}}, 
year={2017}, 
volume={}, 
number={}, 
pages={447-450}, 
keywords={application program interfaces;integrated software;meta data;public domain software;software engineering;text analysis;continuous integration;GitHub;open-source software development;software engineering;data-driven research;TravisTorrent;travistorrent.testroots.org;meta data;Travis CI API;textual build log analysis;GHTorrent;Testing;Data mining;Java;History;Rails;Software}, 
doi={10.1109/MSR.2017.24}, 
ISSN={}, 
month={May},}

@ARTICLE{Fraser2013, 
author={G. {Fraser} and A. {Arcuri}}, 
journal={IEEE Transactions on Software Engineering}, 
title={Whole Test Suite Generation}, 
year={2013}, 
volume={39}, 
number={2}, 
pages={276-291}, 
keywords={formal specification;program debugging;program testing;whole test suite generation;program crashes;formal specification;software testing;code coverage;EvoSuite tool;program debugging;Software;Genetic algorithms;Search problems;Arrays;Genetic programming;Software testing;Search-based software engineering;length;branch coverage;genetic algorithm;infeasible goal;collateral coverage}, 
doi={10.1109/TSE.2012.14}, 
ISSN={2326-3881}, 
month={Feb},}
@inproceedings{Orso2014,
 author = {Orso, Alessandro and Rothermel, Gregg},
 title = {{Software Testing: A Research Travelogue (2000--2014)}},
 booktitle = {Proceedings of the on Future of Software Engineering},
 series = {FOSE 2014},
 year = {2014},
 isbn = {978-1-4503-2865-4},
 location = {Hyderabad, India},
 pages = {117--132},
 numpages = {16},
 url = {http://doi.acm.org/10.1145/2593882.2593885},
 doi = {10.1145/2593882.2593885},
 acmid = {2593885},
 publisher = {ACM},
 address = {New York, NY, USA},
 keywords = {Software testing},
} 


@INPROCEEDINGS{Takasawa2013, 
author={高澤 亮平 and 坂本 一憲 and 鷲崎 弘宜 and 深澤良彰}, 
booktitle={ソフトウェア工学の基礎XX}, 
title={ソフトウェアテストに関するメトリクス測定に基づくOSSにおける実証的研究}, 
year={2013}, 
volume={}, 
number={}, 
pages={197-202}, 
ISSN={}, }

@inproceedings{Takasawa2014,
   author	 = "高澤 亮平 and 坂本 一憲 and 鷲崎 弘宜 and 深澤 良彰",
   title	 = "テストコードに着目したOSSにおける実証的研究",
   booktitle	 = "ウィンターワークショップ2014・イン・大洗 論文集",
   year 	 = "2014",
   volume	 = "",
   number	 = "",
   pages	 = "21--22",
   month	 = "jan"
}

@article{Garousi2014,
author = {Garousi, Vahid and Amannejad, Yasaman and Betin-Can, Aysu},
year = {2014},
month = {07},
pages = {123-147},
title = {{Software Test-Code Engineering: A Systematic Mapping}},
volume = {58},
journal = {Information and Software Technology},
doi = {10.1016/j.infsof.2014.06.009}
}

@inproceedings{nagumo2018,
   author	 = "南雲 宙真 and 本田澄 and 鷲崎 弘宜 and 深澤 良彰",
   title	 = "Travis Torrentを分析することで得られた「継続的インテグレー ション({CI})ツール」の利用状況",
   booktitle	 = "第80回全国大会講演論文集",
   year 	 = "2018",
   volume	 = "",
   number	 = "1",
   pages	 = "227--228",
   month	 = "mar"
}

@INPROCEEDINGS{Beller2017, 
author={M. {Beller} and G. {Gousios} and A. {Zaidman}}, 
booktitle={2017 IEEE/ACM 14th International Conference on Mining Software Repositories (MSR)}, 
title={{Oops, My Tests Broke the Build: An Explorative Analysis of Travis CI with GitHub}}, 
year={2017}, 
volume={}, 
number={}, 
pages={356-367}, 
keywords={integrated software;program testing;software engineering;Travis CI;GitHub;continuous integration;software development;software testing practices;programming language;TravisTorrent;Testing;Software;Java;Tools;Best practices;Programming}, 
doi={10.1109/MSR.2017.62}, 
ISSN={}, 
month={May},}


@article{Bahamdain2015,
title = {{Open Source Software (OSS) Quality Assurance: A Survey Paper}},
journal = "Procedia Computer Science",
volume = "56",
pages = "459 - 464",
year = "2015",
note = "The 10th International Conference on Future Networks and Communications (FNC 2015) / The 12th International Conference on Mobile Systems and Pervasive Computing (MobiSPC 2015) Affiliated Workshops",
issn = "1877-0509",
doi = "https://doi.org/10.1016/j.procs.2015.07.236",
author = "Salem S. Bahamdain",
}

@article{Xuan2016,
title = {{B-Refactoring: Automatic test code refactoring to improve dynamic analysis}},
journal = "Information and Software Technology",
volume = "76",
pages = "65 - 80",
year = "2016",
issn = "0950-5849",
doi = "https://doi.org/10.1016/j.infsof.2016.04.016",
author = "Jifeng Xuan and Benoit Cornu and Matias Martinez and Benoit Baudry and Lionel Seinturier and Martin Monperrus",
}

@inproceedings{Ramler2016,
author = {Ramler, Rudolf and Moser, Michael and Pichler, Josef},
year = {2016},
month = {03},
pages = {25-28},
title = {{Automated Static Analysis of Unit Test Code}},
doi = {10.1109/SANER.2016.102}
}



@InProceedings{Takasawa2014IC,
author="Takasawa, Ryohei
and Sakamoto, Kazunori
and Ihara, Akinori
and Washizaki, Hironori
and Fukazawa, Yoshiaki",
editor="Jedlitschka, Andreas
and Kuvaja, Pasi
and Kuhrmann, Marco
and M{\"a}nnist{\"o}, Tomi
and M{\"u}nch, J{\"u}rgen
and Raatikainen, Mikko",
title={{Do Open Source Software Projects Conduct Tests Enough?}},
booktitle="Product-Focused Software Process Improvement",
year="2014",
publisher="Springer International Publishing",
address="Cham",
pages="322--325",
abstract="Do open source software projects provide and maintain tests? What metrics are correlated with the test success? This paper answers these questions by executing tests of 452 open source software projects in GitHub and measuring 13 metrics from 77 projects. Only 117 projects passed all test cases. Additionally, the results are correlated with the comment density, public documented API density, and test coverage.",
isbn="978-3-319-13835-0"
}

@inproceedings{Motwani19,
  author = {Manish Motwani and Yuriy Brun},
  title ={{Automatically 
  Generating Precise Oracles from Structured Natural Language Specifications}},
  booktitle = {Proceedings of the 41st International Conference on Software
  Engineering (ICSE)},
  venue = {ICSE},
  pages = {188--199},
  address = {Montreal, QC, Canada},
  month = {May},
  date = {29--31},
  year = {2019},
  doi = {10.1109/ICSE.2019.00035},
}

@inproceedings{Almasi2017,
    author    = {M. Moein Almasi and Hadi Hemmati and Gordon Fraser and Andrea Arcuri},
    TITLE={{An Industrial Evaluation of Unit Test Generation: Finding Real Faults in a Financial Application}},
    YEAR={2017},
    pages     = {263--272},
    booktitle     = {39th International Conference on Software Engineering, ICSE 2017, Software Engineering in Practice Track},
    publisher = {IEEE},
}


@book{hakusyo2019,
author = "独立行政法人情報処理推進機構（IPA）社会基盤センター",
yomi = "",
title = "ソフトウェア開発データ白書2018-2019",
publisher = "独立行政法人情報処理推進機構（IPA）社会基盤センター",
series = "",
note = " ",
year = 2019 ,
}

@book{jinzai2017,
author = "独立行政法人情報処理推進機構（IPA）社会基盤センター",
yomi = "",
title = "IT人材白書2017",
publisher = "独立行政法人情報処理推進機構（IPA）社会基盤センター",
series = "",
note = " ",
year = 2017 ,
}

@INPROCEEDINGS{Shamshiri2018, 
author={S. {Shamshiri} and J. M. {Rojas} and J. P. {Galeotti} and N. {Walkinshaw} and G. {Fraser}}, 
booktitle={2018 IEEE 11th International Conference on Software Testing, Verification and Validation (ICST)}, 
title={How Do Automatically Generated Unit Tests Influence Software Maintenance?}, 
year={2018}, 
volume={}, 
number={}, 
pages={250--261}, 
keywords={program testing;software maintenance;automated test generation;automatically generated unit tests;software maintenance;Task analysis;Maintenance engineering;Software maintenance;Test pattern generators;Java;Biological cells;Software maintenance;Automated test generation;Empirical software engineering;Software testing;Test maintenance}, 
doi={10.1109/ICST.2018.00033}, 
ISSN={null}, 
month={April},}

@inproceedings{Pacheco2007,
author = {Pacheco, Carlos and Ernst, Michael D.},
title = {Randoop: Feedback-Directed Random Testing for Java},
year = {2007},
isbn = {9781595938657},
publisher = {Association for Computing Machinery},
address = {New York, NY, USA},
url = {https://doi.org/10.1145/1297846.1297902},
doi = {10.1145/1297846.1297902},
booktitle = {Companion to the 22nd ACM SIGPLAN Conference on Object-Oriented Programming Systems and Applications Companion},
pages = {815--816},
numpages = {2},
keywords = {Java, random testing, automatic test generation},
location = {Montreal, Quebec, Canada},
series = {OOPSLA ’07}
}
  
@inproceedings{Arianna2018,
author = {Blasi, Arianna and Goffi, Alberto and Kuznetsov, Konstantin and Gorla, Alessandra and Ernst, Michael D. and Pezz\`{e}, Mauro and Castellanos, Sergio Delgado},
title = {Translating Code Comments to Procedure Specifications},
year = {2018},
isbn = {9781450356992},
publisher = {Association for Computing Machinery},
address = {New York, NY, USA},
url = {https://doi.org/10.1145/3213846.3213872},
doi = {10.1145/3213846.3213872},
booktitle = {Proceedings of the 27th ACM SIGSOFT International Symposium on Software Testing and Analysis},
pages = {242--253},
numpages = {12},
keywords = {natural language processing, Specification inference, test oracle generation, software test- ing, automatic test case generation},
location = {Amsterdam, Netherlands},
series = {ISSTA 2018}
}
  

@inproceedings{Alberto2016,
author = {Goffi, Alberto and Gorla, Alessandra and Ernst, Michael D. and Pezz\`{e}, Mauro},
title = {Automatic Generation of Oracles for Exceptional Behaviors},
year = {2016},
isbn = {9781450343909},
publisher = {Association for Computing Machinery},
address = {New York, NY, USA},
url = {https://doi.org/10.1145/2931037.2931061},
doi = {10.1145/2931037.2931061},
booktitle = {Proceedings of the 25th International Symposium on Software Testing and Analysis},
pages = {213--224},
numpages = {12},
keywords = {oracle problem, Testing, automatic test oracle, oracle generation},
location = {Saarbr\"{u}cken, Germany},
series = {ISSTA 2016}
}
  
@inproceedings{Tan2012,
title={@ tcomment: Testing javadoc comments to detect comment-code inconsistencies},
author={Tan, Shin Hwei and Marinov, Darko and Tan, Lin and Leavens, Gary T},
booktitle={2012 IEEE Fifth International Conference on Software Testing, Verification and Validation},
pages={260--269},
year={2012},
organization={IEEE}
}

@INPROCEEDINGS{Gousios2013, 
author={G. {Gousios}}, 
booktitle={2013 10th Working Conference on Mining Software Repositories (MSR)}, 
title={The GHTorent dataset and tool suite}, 
year={2013}, 
volume={}, 
number={}, 
pages={233-236}, 
keywords={application program interfaces;groupware;information resources;information retrieval;software engineering;GHTorent dataset;tool suite;GitHub;hosting platform;mirroring platform;collaboration platform;extensive REST API;high-quality interconnected data retrieval;Collaboration;Databases;Organizations;Software engineering;Data collection;Data mining;History;dataset;repository;GitHub}, 
doi={10.1109/MSR.2013.6624034}, 
ISSN={2160-1852}, 
month={May},}

@INPROCEEDINGS{Lu2018, 
author={Y. {Lu} and S. {Chaudhuri} and C. {Jermaine} and D. {Melski}}, 
booktitle={2018 IEEE/ACM 40th International Conference on Software Engineering (ICSE)}, 
title={Program Splicing}, 
year={2018}, 
volume={}, 
number={}, 
pages={338-349}, 
keywords={Java;public domain software;software engineering;program splicing;programming methodology;program synthesizer;program snippets;relevant programs;resulting program;Java programming language;everyday programming tasks;Splicing;Task analysis;Databases;Synthesizers;Programming;Java;Software engineering;Big Data;Program Synthesis}, 
doi={10.1145/3180155.3180190}, 
ISSN={1558-1225}, 
month={May},}
  
  
@INPROCEEDINGS{Klammer2017, 
author={C. {Klammer} and R. {Ramler}}, 
booktitle={2017 IEEE International Conference on Software Quality, Reliability and Security Companion (QRS-C)}, 
title={A Journey from Manual Testing to Automated Test Generation in an Industry Project}, 
year={2017}, 
volume={}, 
number={}, 
pages={591-592}, 
keywords={automatic test software;DP industry;graphical user interfaces;software houses;manual testing;automated test generation;fast-paced agile development environments;test execution cycles;manual exploratory testing;automated GUI test generation;high-level testing;real-world industry project;Graphical user interfaces;Testing;Manuals;Automation;Keyboards;Computer bugs;Industries;user interface testing;GUI testing;test case generation;test automation;industry experience report}, 
doi={10.1109/QRS-C.2017.108}, 
ISSN={null}, 
month={July},}

@article{Ghafari2017,
  title={Mining unit test cases to synthesize API usage examples},
  author={Mohammad Ghafari and Konstantin Rubinov and Mohammad Mehdi Pourhashem Kallehbasti},
  journal={Journal of Software: Evolution and Process},
  year={2017},
  volume={29}
}

